@Article{CookLevin1971,
    title = {STOC '71: Proceedings of the Third Annual ACM Symposium on Theory of Computing},
    year = {1971},
    isbn = {9781450374644},
    publisher = {Association for Computing Machinery},
    address = {New York, NY, USA},
    location = {Shaker Heights, Ohio, USA}
}

@Article{probSAT,
    author = "Balint, Adrian and Sch{\"o}ning, Uwe",
    editor = "Cimatti, Alessandro and Sebastiani, Roberto",
    title = "Choosing Probability Distributions for Stochastic Local Search and the Role of Make versus Break",
    booktitle = "Theory and Applications of Satisfiability Testing -- SAT 2012",
    year = "2012",
    publisher = "Springer Berlin Heidelberg",
    address = "Berlin, Heidelberg",
    pages = "16--29",
    abstract = "Stochastic local search solvers for SAT made a large progress with the introduction of probability distributions like the ones used by the SAT Competition 2011 winners Sparrow2010 and EagleUp. These solvers though used a relatively complex decision heuristic, where probability distributions played a marginal role.",
    isbn = "978-3-642-31612-8"
}

@online{coursesData,
    howpublished = {\url{https://courses.fit.cvut.cz/NI-KOP/download/index.html}},
    title = {Data a programy (NI-KOP)},
    author = {Schmidt, Jan},
    urldate = {12.12.2022}
}
